@article{Troch2003,
  title={Hillslope-storage Boussinesq model for subsurface flow and variable source areas along complex hillslopes: 1. Formulation and characteristic response},
  author={Troch, Peter A and Paniconi, Claudio and E  Emiel van Loon},
  journal={Water Resources Research},
  volume={39},
  number={11},
  year={2003},
  publisher={Wiley Online Library}
}